@article{Wen_2020,
   title={Hawking radiation as stimulated emission},
   volume={803},
   DOI={10.1016/j.physletb.2020.135348},
   journal={Physics Letters B},
   author={Wen, Wen-Yu},
   year={2020},
   month=apr
}

%diffeomorphism-invariant QG EFT observables nonlocal
@article{giddings06,
   title={Observables in effective gravity},
   volume={74},
   DOI={10.1103/physrevd.74.064018},
   number={6},
   journal={Physical Review D},
   publisher={American Physical Society (APS)},
   author={Giddings, Steven B. and Marolf, Donald and Hartle, James B.},
   year={2006},
   month=sep
}

%Planckian precision measurments may be necessary to take advantage of holography of info
@article{balasubramanian06,
   title={Information recovery from black holes},
   volume={38},
   DOI={10.1007/s10714-006-0344-8},
   number={11},
   journal={General Relativity and Gravitation},
   author={Balasubramanian, Vijay and Marolf, Donald and Rozali, Moshe},
   year={2006},
   month=sep
}

%See Also:
@article{Bousso_2017,
   title={Soft hair as a soft wig},
   volume={34},
   DOI={10.1088/1361-6382/aa8be2},
   number={20},
   journal={Classical and Quantum Gravity},
   author={Bousso, Raphael and Porrati, Massimo},
   year={2017},
   month=sep
}

%likely already in my main bib file
@Article{chowdhury21,
	title={A physical protocol for observers near the boundary to obtain bulk information in quantum gravity},
	author={Chandramouli Chowdhury and Olga Papadoulaki and and Suvrat Raju},
	journal={SciPost Phys.},
	volume={10},
	pages={106},
	year={2021},
	publisher={SciPost},
	doi={10.21468/SciPostPhys.10.5.106}
}


%Likely not to be used
@article{article,
author = {Krishnan, Chethan and Mohan, Vyshnav},
year = {2024},
month = {05},
title = {State-independent black hole interiors from the crossed product},
volume = {2024},
journal = {Journal of High Energy Physics},
doi = {10.1007/JHEP05(2024)278}
}
